@article{Turney2010VsmOverview,
        author={Turney,P. D. and Pantel,P.},
        year={2010},
        title={From frequency to meaning: Vector space models of semantics},
        journal={Journal of Artificial Intelligence Research},
        volume={37},
        pages={141-188},
        note={Cited By :709},
        type={Journal}
}

@article{Sandin2017RandomIndexing,
        author={Sandin,F. and Emruli,B. and Sahlgren,M.},
        year={2017},
        title={Random indexing of multidimensional data},
        journal={Knowledge and Information Systems},
        volume={52},
        number={1},
        pages={267-290},
        type={journal}
}
@article{Turney2006Similarity,
        author={Turney,P. D.},
        year={2006},
        title={Similarity of semantic relations},
        journal={Computational Linguistics},
        volume={32},
        number={3},
        pages={379-416},
        note={Cited By :155},
        type={journal}
}

@article{Gentner1983Structure,
        author={Gentner,D.},
        year={1983},
        title={Structure-mapping: A theoretical framework for analogy},
        journal={Cognitive Science},
        volume={7},
        number={2},
        pages={155-170},
        note={Cited By :1917}
}

@article{Kanerva2009Hyperdimensional,
        author={Kanerva,P.},
        year={2009},
        title={Hyperdimensional computing: An introduction to computing in distributed representation with high-dimensional random vectors},
        journal={Cognitive Computation},
        volume={1},
        number={2},
        pages={139-159},
        note={Cited By :87}
}

@article{Cohen2009Empirical,
        author={Cohen,T. and Widdows,D.},
        year={2009},
        title={Empirical distributional semantics: Methods and biomedical applications},
        journal={Journal of Biomedical Informatics},
        volume={42},
        number={2},
        pages={390-405},
        note={Cited By :78}
}

@article{Jonnalagadda2012Enhancing,
  title={Enhancing clinical concept extraction with distributional semantics},
  author={Jonnalagadda, Siddhartha and Cohen, Trevor and Wu, Stephen and Gonzalez, Graciela},
  journal={Journal of biomedical informatics},
  volume={45},
  number={1},
  pages={129--140},
  year={2012},
  publisher={Elsevier}
}
